@Book{test,
  author =    {苗字 名前},
  title =        {本のタイトル},
  publisher =    {出版社},
  year =         {2016},
}

